% !Mode:: "TeX:UTF-8"
@article{QosUDN,
  title={Software Defined Radio Implementation of an LTE Downlink Transceiver for Ultra Dense Networks},
  author={W. C. Hu and N. H. Huang and T. D. Chiueh},
  journal={2018 IEEE International Symposium on Circuits and Systems (ISCAS)},
  volume={},
  number={},
  pages={1-5},
  year={2018},
}

@article{4LRA,
  title={Partially-Distributed Resource Allocation in Small-Cell Networks},
  author={S. Sadr and R. S. Adve},
  journal={IEEE Transactions on Wireless Communications},
  volume={13},
  number={12},
  pages={6851-6862},
  year={2014},
}

@article{condesign,
  author={J. Du and E. Gelenbe and C. Jiang and H. Zhang and Y. Ren},
  journal={IEEE Journal on Selected Areas in Communications},
  title={Contract Design for Traffic Offloading and Resource Allocation in Heterogeneous Ultra-Dense Networks},
  year={2017},
  volume={35},
  number={11},
  pages={2457-2467},
  keywords={cellular radio;contracts;resource allocation;software defined networking;software radio;telecommunication traffic;SBS capacities;SDWN-based HetUDN;centralized SDWN controller;contract design;entire network;heterogeneous ultra-dense networks;incentivized traffic offloading contracts;macro base stations;mobile traffic offloading;offloading performance;resource allocation;resource management;service providers;small-cell base stations;software-defined wireless network;traffic offloading mechanism;Analytical models;Base stations;Heterogeneous networks;Interference;Mobile communication;Resource management;Telecommunication traffic;Wireless networks;Traffic offloading;contract theory;heterogeneous ultra-dense networks (HetUDNs);resource sharing;software defined wireless networks (SDWNs)},
  doi={10.1109/JSAC.2017.2760459},
  ISSN={0733-8716},
  month={Nov},
}

@article{ATractable,
  author={J. G. Andrews and F. Baccelli and R. K. Ganti},
  journal={IEEE Transactions on Communications},
  title={A Tractable Approach to Coverage and Rate in Cellular Networks},
  year={2011},
  volume={59},
  number={11},
  pages={3122-3134},
  keywords={cellular radio;frequency allocation;interference suppression;probability;sensor placement;stochastic processes;SINR;base station deployment;cellular networks;coverage probability;grid model;mobile users;outage probability;signal to interference plus noise ratio;static frequency reuse;stochastic geometry;tractable approach;Base stations;Fading channels;Interference;Mobile communication;Shadow mapping;Signal to noise ratio;Cellular systems;SINR;outage probability;stochastic geometry},
  doi={10.1109/TCOMM.2011.100411.100541},
  ISSN={0090-6778},
  month={November},
}

@article{OFDMRA,
  author={H. U. Sokun and E. Bedeer and R. H. Gohary and H. Yanikomeroglu},
  journal={IEEE Access},
  title={Optimization of Discrete Power and Resource Block Allocation for Achieving Maximum Energy Efficiency in OFDMA Networks},
  year={2017},
  volume={5},
  number={},
  pages={8648-8658},
  ISSN={},
  month={},
}

@article{zhanghong,
  title={超密集组网中区域频谱效率及区域能量效率的研究},
  author={张洪},
  journal={哈尔滨工业大学},
  year={2016},
  typeoflit={D},
}

@article{2LayerPC,
  author={V. Chandrasekhar and J. G. Andrews and T. Muharemovic and Z. Shen and A. Gatherer},
  journal={IEEE Transactions on Wireless Communications},
  title={Power control in two-tier femtocell networks},
  year={2009},
  volume={8},
  number={8},
  pages={4316-4328},
  keywords={picocellular radio;power control;radiofrequency interference;Foschini-Miljanic algorithm;base station;central macrocell;cross-tier interference;link budget analysis;power control;two-tier femtocell networks;Costs;Femtocell networks;Frequency;Instruments;Interference;Land mobile radio cellular systems;Macrocell networks;Power control;Quality of service;Signal to noise ratio;Power control, macrocell, femtocell, two-tier, distributed, overlay, interference, base-station},
  doi={10.1109/TWC.2009.081386},
  ISSN={1536-1276},
  month={August},
}

@article{UDNMIMO,
  author={C. Li and J. Zhang and K. B. Letaief},
  journal={IEEE Transactions on Wireless Communications},
  title={Throughput and Energy Efficiency Analysis of Small Cell Networks with Multi-Antenna Base Stations},
  year={2014},
  volume={13},
  number={5},
  pages={2505-2517},
  keywords={antenna arrays;cellular radio;energy conservation;next generation networks;power consumption;stochastic processes;telecommunication network reliability;telecommunication power management;transmitting antennas;energy efficiency analysis;multiantenna base stations;multiantenna transmissions;network throughput analysis;next-generation cellular networks;outage probability;power consumption;small cell networks;spatial Poisson point processes;spatial network model;transmit antennas;Analytical models;Interference;Measurement;Power demand;Throughput;Transmitting antennas;Poisson point process;cellular networks;energy efficiency;network throughput;outage probability;stochastic geometry},
  doi={10.1109/TWC.2014.031714.131020},
  ISSN={1536-1276},
  month={May},
}

@article{Stogeo,
  title={Stochastic Geometry and Its Applications},
  author={D. Stoyan, W. Kendall, and J. Mecke},
  journal={John Wiley and Sons},
  year={1996},
}

@article{user-centric,
  author={C. Li and J. Zhang and M. Haenggi and K. B. Letaief},
  journal={IEEE Transactions on Communications},
  title={User-Centric Intercell Interference Nulling for Downlink Small Cell Networks},
  year={2015},
  volume={63},
  number={4},
  pages={1419-1431},
  keywords={adjacent channel interference;cellular radio;interference suppression;probability;IN range;access point dense deployment;cellular networks;coordinating BS;coordinating base stations;coordination strategy;dominant interference mitigation;downlink small cell networks;effective intercell interference management;exponential growth;feedback bits;home BS;imperfect CSI effect;imperfect channel state information;interference coordination strategy;interference nulling method;interference situation;interfering BS;mobile data traffic;optimal IN range;performance gains;random spatial network model;relative distance;spatial reuse;transmission probability;user-centric intercell interference nulling;Approximation methods;Interference;Measurement;Performance gain;Signal to noise ratio;Throughput;Vectors;Poisson point process;intercell interference nulling;limited feedback;small cell networks;stochastic geometry},
  doi={10.1109/TCOMM.2015.2402121},
  ISSN={0090-6778},
  month={April},
}

@article{cbsdn,
  author={J. Ding and R. Yu and Y. Zhang and S. Gjessing and D. H. K. Tsang},
  journal={IEEE Communications Magazine},
  title={Service provider competition and cooperation in cloud-based software defined wireless networks},
  year={2015},
  volume={53},
  number={11},
  pages={134-140},
  keywords={cloud computing;game theory;resource allocation;software defined networking;Internet of Things;Nash bargaining game approach;centralized software program;cloud service providers;cloud-based SDWN;geo-distributed cloud;quality of service;resource management;resource sharing;resource trading activity;software-defined wireless networking;virtual network topology;Cloud computing;Computer architecture;Game theory;Quality of service;Resource management;Software defined networking;Wireless networks},
  doi={10.1109/MCOM.2015.7321982},
  ISSN={0163-6804},
  month={November},
}

@article{CRANUDN,
  author={C. Pan and H. Zhu and N. J. Gomes and J. Wang},
  journal={IEEE Journal on Selected Areas in Communications},
  title={Joint User Selection and Energy Minimization for Ultra-Dense Multi-channel C-RAN With Incomplete CSI},
  year={2017},
  volume={35},
  number={8},
  pages={1809-1824},
  keywords={cloud computing;computational complexity;convex programming;iterative methods;mean square error methods;radio access networks;telecommunication computing;Lagrange dual decomposition method;NP-hard optimization problem;NPC minimization problem;RRH selection;UE rate expression;UE total rate requirement;UE-RRH associations;baseband unit pool;beam-vectors;bisection UE selection algorithm;computational complexity;convergence guarantee;dense cloud radio access networks;dense multichannel downlink C-RAN;fronthaul link capacity constraint;full-CSI;full-channel state information;incomplete CSI;iteration algorithm;joint user selection-energy minimization;limited fronthaul capacity;mean square error;optimal beam-vectors;parallel computation;per-RRH power constraints;power consumption;remote radio head selection;single-layer iterative algorithm;successive convex approximation technique;total NPC minimization;total network power consumption;ultradense multichannel C-RAN;Algorithm design and analysis;Computational complexity;Iterative methods;Minimization;Optimization;Power demand;Quality of service;5G ultra-dense networks;Cloud radio access network (C-RAN);incomplete CSI;limited fronthaul capacity},
  doi={10.1109/JSAC.2017.2710858},
  ISSN={0733-8716},
  month={Aug},
}

@article{MMCRAN,
  author={R. G. Stephen and R. Zhang},
  booktitle={GLOBECOM 2017 - 2017 IEEE Global Communications Conference},
  title={Millimeter-Wave CRAN with Lens Antenna Arrays},
  year={2017},
  volume={},
  number={},
  pages={1-6},
  keywords={antenna arrays;lens antennas;quantisation (signal);radio access networks;resource allocation;signal processing;advanced lens antenna arrays;cloud radio access network;energy focusing property;lens antenna arrays;low-complexity quantization bit allocation scheme;low-complexity remote radio heads;millimeter-wave CRAN;millimeter-wave communication;mmWave CRAN;mmWave channel;network densification;next-generation wireless systems;sampled quantized signals;signal processing;stringent fronthaul rate constraint;uniform planar arrays;uplink transmission;Antenna arrays;Array signal processing;Bandwidth;Lenses;Quantization (signal)},
  doi={10.1109/GLOCOM.2017.8254899},
  ISSN={},
  month={Dec},
}

@article{yangxuezhi,
  title={Soft frequency reuse scheme for UTRAN LTE},
  author={Huawei},
  booktitle={R1-050507, 3GPP RAN1 41},
  pages={1-3},
  year={2005},
  month={May},
}

@article{DisPrecode,
  author={Y. Xue and Y. Tian and C. Yang},
  booktitle={2016 IEEE/CIC International Conference on Communications in China (ICCC)},
  title={Distributed precoding in ultra-dense network with dynamic user access},
  year={2016},
  volume={},
  number={},
  pages={1-6},
  keywords={cellular radio;covariance matrices;intercarrier interference;precoding;block-diagonal zero-forcing;covariance matrices;distributed precoding;geometric explanation;geometric interpretation;intercell interference;maximum signal-to-leakage-plus-noise ratio;optimization problem;precoding matrix;two-plus-one network;two-user network;ultra-dense network;weighted minimum mean square error criterion;Base stations;Covariance matrices;Interference;Nickel;Optimization;Precoding;Silicon;interference coordination;pre-coding design;semidefinite optimization;two-plus-one network;ultra-dense network},
  doi={10.1109/ICCChina.2016.7636869},
  ISSN={},
  month={July},
}

@article{LayerPrecode,
  author={M. Kurras and M. Shehata and K. Hassan and L. Thiele},
  booktitle={2015 IEEE 11th International Conference on Wireless and Mobile Computing, Networking and Communications (WiMob)},
  title={Spatial interference management with hierarchical precoding in ultra-dense heterogeneous networks},
  year={2015},
  volume={},
  number={},
  pages={520-526},
  keywords={array signal processing;cellular radio;iterative methods;precoding;radio transmitters;radiofrequency interference;wireless channels;CSIT;IA algorithm;channel state information at the transmitter;data exchange;hierarchical precoding;interference decoupling;iterative interference alignment algorithm;macrobase station;macrocell;mobile networks;small-cell user;spatial interference management;spectrum reuse;two-stage hierarchical beamforming approach;ultra-dense heterogeneous network},
  doi={10.1109/WiMOB.2015.7348006},
  ISSN={},
  month={Oct},
}

@article{Layer2Precode,
  author={L. Thiele and M. Kurras},
  booktitle={2014 48th Asilomar Conference on Signals, Systems and Computers},
  title={Hierarchical precoding for ultra-dense heterogeneous networks},
  year={2014},
  volume={},
  number={},
  pages={1286-1290},
  keywords={interference suppression;mobile communication;precoding;CoMP;base station;coordinated multipoint transmission;heterogeneous power constraint;hierarchical precoding algorithm;intercell interference mitigation technique;intersmall-cell interference;mobile communication network;ultradense heterogeneous network;zero-forcing precoding;Computer architecture;Interference;Joints;MIMO;Microprocessors;Signal to noise ratio;Transmitting antennas},
  doi={10.1109/ACSSC.2014.7094667},
  ISSN={},
  month={Nov},
}

@article{Ucent,
  author={Y. Zhang and S. Bi and Y. J. A. Zhang},
  journal={IEEE Transactions on Vehicular Technology},
  title={User-Centric Joint Transmission in Virtual-Cell-Based Ultra-Dense Networks},
  year={2018},
  volume={67},
  number={5},
  pages={4640-4644},
  keywords={Fading channels;Geometry;Interference;Precoding;Signal to noise ratio;Stochastic processes;Throughput;Ultra-dense network (UDN);maximum ratio transmission;stochastic geometry, user-centric cooperation;virtual cell},
  doi={10.1109/TVT.2017.2788897},
  ISSN={0018-9545},
  month={May},
}

@article{CoMPUDN,
  author={Y. H. Chen and H. L. Chao and S. H. Wu and C. H. Gan},
  booktitle={2017 IEEE 28th Annual International Symposium on Personal, Indoor, and Mobile Radio Communications (PIMRC)},
  title={Resource allocation with CoMP transmission in ultra dense cloud-based LTE small cell networks},
  year={2017},
  volume={},
  number={},
  pages={1-5},
  keywords={Long Term Evolution;cellular radio;cloud computing;radiofrequency interference;resource allocation;stochastic processes;telecommunication scheduling;1-slot CoMP transmission;OpenAirInterface software platforms;OpenStack;PPP;Poisson Point Process;center users;central scheduler;cluster basis;coordinated multipoint transmission;edge users;resource blocks;scheduling framework;serious inter-cell interference;simulated UDN;spectrum resources;tier-one allocation;tier-two resource allocation;two-tier scheduling method;two-tier spectrum resource allocation method;ultra dense cloud-based LTE small cell networks;ultra-dense small cell networks;Clustering algorithms;Engines;Interference;Long Term Evolution;Microcell networks;Resource management;Throughput;Coordinated Multipoint (CoMP);OpenAirInterference (OAI);OpenStack;Resource Allocation;Small Cell;Ultra Dense Network (UDN)},
  doi={10.1109/PIMRC.2017.8292432},
  ISSN={},
  month={Oct},
}

@article{UNOMAcent,
  author={Y. Liu and X. Li and F. R. Yu and H. Ji and H. Zhang and V. C. M. Leung},
  journal={IEEE Journal on Selected Areas in Communications},
  title={Grouping and Cooperating Among Access Points in User-Centric Ultra-Dense Networks With Non-Orthogonal Multiple Access},
  year={2017},
  volume={35},
  number={10},
  pages={2295-2311},
  keywords={5G mobile communication;convex programming;energy conservation;integer programming;multi-access systems;access points;convex programming theories;energy efficiency;fifth-generation systems;mix-integer non-linear programming;network densification;non-orthogonal multiple access;radio resources;resource allocation;user-centric access framework;user-centric ultra-dense networks;5G mobile communication;Interference;NOMA;Programming;Resource management;Throughput;Wireless communication;User-centric ultra-dense network (UUDN);access management;cooperative resource allocation;non-orthogonal multiple access (NOMA)},
  doi={10.1109/JSAC.2017.2724680},
  ISSN={0733-8716},
  month={Oct},
}

@article{TheMathematicalTheoryOfCommunication,
  author={C. E. Shannon},
  journal={The Bell System Technical Journal},
  title={A mathematical theory of communication},
  year={1948},
  volume={27},
  number={4},
  pages={623-656},
  keywords={},
  doi={10.1002/j.1538-7305.1948.tb00917.x},
  ISSN={0005-8580},
  month={Oct},
}

@article{5Gwhitebook,
  title={5G 愿景与需求白皮书},
  author={IMT-2020(5G)推进组},
  journal={http://www.imt-2020.org.cn/zh/documents/listByQuery},
  volume={},
  number={},
  pages={},
  year={2015},
}

@article{spsharing,
  author={Q. Yu and J. Wang and X. Yang and Y. Zhu and Y. Teng and H. Kari},
  journal={China Communications},
  title={Inter-operator interference coordination for co-primary spectrum sharing in UDN},
  year={2015},
  volume={12},
  number={Supplement},
  pages={104-112},
  keywords={5G mobile communication;radio networks;radio spectrum management;radiofrequency interference;UDN;co-primary spectrum sharing;fifth generation wireless systems;inter-operator interference coordination;interoperator interference;spectrum efficiency;ultra-dense network;5G mobile communication;Bandwidth;Interference;Network topology;Radio spectrum management;Resource management;Wireless communication;co-primary spectrum sharing;inter-operator interference coordination;ultra-dense network},
  doi={10.1109/CC.2015.7386158},
  ISSN={1673-5447},
  month={December},
}

@article{Lehmann2003Analysis,

}

@article{Tan2012Bit,

}

@article{Tan2010Efficient,

}

@article{Telatar1999Capacity,

}

@article{foschini1998limits,

}

@article{Wolniansky2002V,

}

@article{Lv2010Some,

}

@article{Shrestha2012MIMO,

}

@article{takahashi2012improvement,

}

@article{Savascihabes2014Capacity,

}

@article{YuLai2014mimo,
  title={MIMO~系统和无线信道容量研究},
  author={余来妹},
  journal={中国新通信},
  volume={16},
  number={4},
  pages={25-26},
  year={2014}
}

@article{tarokh1999space,

}

@article{Wang2012Space,
  title={Space-Time Block Code Designs Based on Quadratic Field Extension for Two-Transmitter Antennas},
  author={Wang, G. and Zhang, J. K. and Amin, M.},
  journal={IEEE Transactions on Information Theory},
  volume={58},
  number={6},
  pages={4005-4013},
  year={2012},
}

@article{Sindhu2016Efficient,
  title={Efficient Quasi-orthogonal Space-time Block Codes for Five and Six Transmit Antennas},
  author={Sindhu, P. and Hameed, A.},
  booktitle={IEEE International Conference on Electronics, Computing and Communication Technologies},
  pages={1-5},
  year={2016},
  typeoflit={C},
}

@article{Bidaki2011A,
  title={A Full-Rate Full-Diversity 2x2 Space-Time Block Code with Linear Complexity for the Maximum Likelihood Receiver},
  author={Bidaki, S. S. H. and Talebi, S. and Shahabinejad, M.},
  journal={IEEE Communications Letters},
  volume={15},
  number={8},
  pages={842-844},
  year={2011},
}

@article{Mehana2011Diversity,
  title={Diversity of MMSE MIMO receivers},
  author={Mehana, A. H. and Nosratinia, A.},
  journal={IEEE Transactions on Information Theory},
  volume={58},
  number={11},
  pages={6788-6805},
  year={2011},
}

@article{Elshabrawy2014An,
  title={An Adaptive MIMO System Using Incremental Diversity},
  author={Elshabrawy, T. and Nafie, S.},
  booktitle={Vehicular Technology Conference},
  pages={1-5},
  year={2014},
  typeoflit={C},
}

@article{Bhojak2013MIMO,
  title={MIMO Wireless Systems: V-BLAST Architecture},
  author={Bhojak, V. and Sharma, A.},
  pages={215-220},
  year={2013},
  typeoflit={C},
}

@article{lyu2016capacity,
  title={Capacity of Multi-user MIMO Systems with MMSE and ZF Precoding},
  author={Lyu, T. K.},
  booktitle={IEEE Conference on Computer Communications Workshops},
  pages={1083-1084},
  year={2016},
  typeoflit={C},
}

@article{Chen2016Multiplexing,
  title={Multiplexing-Diversity Medium Access for Multi-User MIMO Networks},
  author={Chen, B. S. and Lin, C. J. and Chiu, S. L. and Lee, R. and Wei, H. Y.},
  journal={IEEE Transactions on Mobile Computing},
  volume={15},
  number={5},
  pages={1211-1223},
  year={2016},
}

@article{ammari2016low,
  title={Low Complexity ZF and MMSE Detectors for the Uplink MU-MIMO Systems with a Time-Varying Number of Active Users},
  author={Ammari, M. L. and Fortier, P.},
  journal={IEEE Transactions on Vehicular Technology},
  year={2016},
  volume={99},
  number={99},
  pages={1-5},
}

@article{Bao2012Joint,
  title={Joint Iterative Decoding and MMSE-SIC VBLAST Detection of LDPC Coded MIMO Systems},
  author={Bao, J. and Xu, X. and Jiang, B.},
  booktitle={International Conference on Wireless Communications \& Signal Processing},
  pages={1-5},
  year={2012},
  typeoflit={C},
}

@article{Lai2011Efficient,
  title={Efficient Channel-Adaptive MIMO Detection Using Just-Acceptable Error Rate},
  author={Lai, I. W. and Ascheid, G. and Meyr, H. and Chiueh, T. D.},
  journal={IEEE Transactions on Wireless Communications},
  volume={10},
  number={1},
  pages={73-83},
  year={2011},
}

@article{Li2011Intelligent,
  title={Intelligent MIMO Signal Detection for Spatial Multiplexing with D-S Theory},
  author={Li, Y. and Lv, T. and Qin, L. and Li, Y.},
  booktitle={IEEE International Conference on Communication Technology},
  pages={426-430},
  year={2011},
  typeoflit={C},
}

@article{cespedes2014improved,
  title={Improved Performance of LDPC-coded MIMO Systems with EP-based Soft-decisions},
  author={C{\'e}spedes, J. and Olmos, P. M. and S{\'a}nchez-Fern{\'a}ndez, M. and Perez-Cruz, F.},
  booktitle={IEEE International Symposium on Information Theory},
  pages={1997-2001},
  year={2014},
  typeoflit={C},
}

@article{Tseng2015Low,
  title={Low-Complexity and Piecewise Systematic Encoding of Non-Full-Rank QC-LDPC Codes},
  author={Tseng, C. F. and Tarng, J. H.},
  journal={IEEE Communications Letters},
  volume={19},
  number={6},
  pages={897-900},
  year={2015},
}

@book{Cover2006Elements,
  title={Elements of information theory (2. ed.)},
  author={Cover, T. M. and Thomas, J. A.},
  publisher={Wiley},
  year={2006},
  pages={189-191},
  address={America},
  typeoflit={M},
}

@article{Chen2005Analysis,
  title={Analysis of Transmit Antenna Selection/Maximal-ratio Combining in Rayleigh Fading Channels},
  author={Chen, Z. and Yuan, J. H. and Vucetic, B.},
  journal={IEEE Transactions on Vehicular Technology},
  volume={54},
  number={4},
  pages={1312-1321},
  year={2005},
}

@book{Ryan2009Channel,
  title={Channel codes},
  author={Ryan, W. E. and Lin, S.},
  publisher={Cambridge University Press},
  year={2009},
  pages={94-143},
  address={UK},
  typeoflit={M},
}

@book{Oppenheim2009Signals,
  title={Signals and systems},
  author={Oppenheim, A. V. and Willsky, A. S. and Nawab, S. H.},
  publisher={Prentice Hall},
  pages={341-342},
  year={2009},
  address={America},
  typeoflit={M},
}

@book{Verd2015Wireless,
  title={Wireless Communications, at the Shannon Limit},
  author={Verdú, S.},
  publisher={World Scientific},
  pages={312-321},
  year={2015},
  address={Singapore},
  typeoflit={M},
}

@article{Shannon1998Communication,
  title={Communication in the Presence of Noise},
  author={Shannon and Claude E.},
  journal={Proceedings of the Ire},
  volume={86},
  number={1},
  pages={10-21},
  year={1998},
}
